@ARTICLE{Astropy_Collaboration:2013,
   author = {{Astropy Collaboration} and {Robitaille}, T.~P. and {Tollerud}, E.~J. and 
	{Greenfield}, P. and {Droettboom}, M. and {Bray}, E. and {Aldcroft}, T. and 
	{Davis}, M. and {Ginsburg}, A. and {Price-Whelan}, A.~M. and 
	{Kerzendorf}, W.~E. and {Conley}, A. and {Crighton}, N. and 
	{Barbary}, K. and {Muna}, D. and {Ferguson}, H. and {Grollier}, F. and 
	{Parikh}, M.~M. and {Nair}, P.~H. and {Unther}, H.~M. and {Deil}, C. and 
	{Woillez}, J. and {Conseil}, S. and {Kramer}, R. and {Turner}, J.~E.~H. and 
	{Singer}, L. and {Fox}, R. and {Weaver}, B.~A. and {Zabalza}, V. and 
	{Edwards}, Z.~I. and {Azalee Bostroem}, K. and {Burke}, D.~J. and 
	{Casey}, A.~R. and {Crawford}, S.~M. and {Dencheva}, N. and 
	{Ely}, J. and {Jenness}, T. and {Labrie}, K. and {Lim}, P.~L. and 
	{Pierfederici}, F. and {Pontzen}, A. and {Ptak}, A. and {Refsdal}, B. and 
	{Servillat}, M. and {Streicher}, O.},
    title = "{Astropy: A community Python package for astronomy}",
  journal = {\aap},
archivePrefix = "arXiv",
   eprint = {1307.6212},
 primaryClass = "astro-ph.IM",
 keywords = {methods: data analysis, methods: miscellaneous, virtual observatory tools},
     year = 2013,
    month = oct,
   volume = 558,
      eid = {A33},
    pages = {A33},
      doi = {10.1051/0004-6361/201322068},
   adsurl = {http://adsabs.harvard.edu/abs/2013A%26A...558A..33A},
  adsnote = {Provided by the SAO/NASA Astrophysics Data System}
}

@ARTICLE{Ballesteros-Paredes:2011,
   author = {{Ballesteros-Paredes}, J. and {V{\'a}zquez-Semadeni}, E. and 
	{Gazol}, A. and {Hartmann}, L.~W. and {Heitsch}, F. and {Col{\'{\i}}n}, P.
	},
    title = "{Gravity or turbulence? - II. Evolving column density probability distribution functions in molecular clouds}",
  journal = {\mnras},
archivePrefix = "arXiv",
   eprint = {1105.5411},
 primaryClass = "astro-ph.GA",
 keywords = {turbulence, stars: formation, ISM: clouds, ISM: general, ISM: kinematics and dynamics},
     year = 2011,
    month = sep,
   volume = 416,
    pages = {1436-1442},
      doi = {10.1111/j.1365-2966.2011.19141.x},
   adsurl = {http://adsabs.harvard.edu/abs/2011MNRAS.416.1436B},
  adsnote = {Provided by the SAO/NASA Astrophysics Data System}
}

@ARTICLE{Barmby:2000,
   author = {{Barmby}, P. and {Huchra}, J.~P. and {Brodie}, J.~P. and {Forbes}, D.~A. and 
	{Schroder}, L.~L. and {Grillmair}, C.~J.},
    title = "{M31 Globular Clusters: Colors and Metallicities}",
  journal = {\aj},
   eprint = {astro-ph/9911152},
 keywords = {GALAXIES: INDIVIDUAL: MESSIER NUMBER: M31, GALAXIES: STAR CLUSTERS, GALAXY: GLOBULAR CLUSTERS: GENERAL},
     year = 2000,
    month = feb,
   volume = 119,
    pages = {727-747},
      doi = {10.1086/301213},
   adsurl = {http://adsabs.harvard.edu/abs/2000AJ....119..727B},
  adsnote = {Provided by the SAO/NASA Astrophysics Data System}
}

@ARTICLE{Barnes:2011,
   author = {{Barnes}, K.~L. and {van Zee}, L. and {Skillman}, E.~D.},
    title = "{Star Formation in the Outer Disks of Spiral Galaxies: Ultraviolet and H{$\alpha$} Photometry}",
  journal = {\apj},
 keywords = {galaxies: evolution, galaxies: individual: NGC 1073 NGC 1187 NGC 1398 NGC 5964 NGC 7217, galaxies: spiral, H II regions, stars: formation, ultraviolet: galaxies},
     year = 2011,
    month = dec,
   volume = 743,
      eid = {137},
    pages = {137},
      doi = {10.1088/0004-637X/743/2/137},
   adsurl = {http://adsabs.harvard.edu/abs/2011ApJ...743..137B},
  adsnote = {Provided by the SAO/NASA Astrophysics Data System}
}

@ARTICLE{Bastian:2010,
   author = {{Bastian}, N. and {Covey}, K.~R. and {Meyer}, M.~R.},
    title = "{A Universal Stellar Initial Mass Function? A Critical Look at Variations}",
  journal = {\araa},
archivePrefix = "arXiv",
   eprint = {1001.2965},
 primaryClass = "astro-ph.GA",
     year = 2010,
    month = sep,
   volume = 48,
    pages = {339-389},
      doi = {10.1146/annurev-astro-082708-101642},
   adsurl = {http://adsabs.harvard.edu/abs/2010ARA%26A..48..339B},
  adsnote = {Provided by the SAO/NASA Astrophysics Data System}
}

@ARTICLE{Berkhuijsen:2008,
   author = {{Berkhuijsen}, E.~M. and {Fletcher}, A.},
    title = "{Density probability distribution functions of diffuse gas in the Milky Way}",
  journal = {\mnras},
archivePrefix = "arXiv",
   eprint = {0806.4316},
 keywords = {turbulence, ISM: structure},
     year = 2008,
    month = oct,
   volume = 390,
    pages = {L19-L23},
      doi = {10.1111/j.1745-3933.2008.00526.x},
   adsurl = {http://adsabs.harvard.edu/abs/2008MNRAS.390L..19B},
  adsnote = {Provided by the SAO/NASA Astrophysics Data System}
}

@ARTICLE{Bianchi:1996,
   author = {{Bianchi}, L. and {Clayton}, G.~C. and {Bohlin}, R.~C. and {Hutchings}, J.~B. and 
	{Massey}, P.},
    title = "{Ultraviolet Extinction by Interstellar Dust in External Galaxies: M31}",
  journal = {\apj},
 keywords = {ISM: DUST, EXTINCTION, GALAXIES: INDIVIDUAL MESSIER NUMBER: M31, GALAXIES: ISM, ULTRAVIOLET: GALAXIES},
     year = 1996,
    month = nov,
   volume = 471,
    pages = {203},
      doi = {10.1086/177963},
   adsurl = {http://adsabs.harvard.edu/abs/1996ApJ...471..203B},
  adsnote = {Provided by the SAO/NASA Astrophysics Data System}
}

@ARTICLE{Bianchi:2011,
   author = {{Bianchi}, L. and {Kang}, Y.~B. and {Efremova}, B. and {Thilker}, D. and 
	{Hodge}, P. and {Massey}, P. and {Olsen}, K.},
    title = "{Young stellar populations in the local group: an HST and GALEX comprehensive study}",
  journal = {\apss},
 keywords = {Stars: massive, Stars: early-type, Stars: evolution, Stars: formation, Ultraviolet: stars, Galaxies: stellar content, Galaxies: star formation, (Galaxies:) local group, Galaxies: star clusters},
     year = 2011,
    month = sep,
   volume = 335,
    pages = {249-255},
      doi = {10.1007/s10509-011-0697-7},
   adsurl = {http://adsabs.harvard.edu/abs/2011Ap%26SS.335..249B},
  adsnote = {Provided by the SAO/NASA Astrophysics Data System}
}

@ARTICLE{Bressan:2012,
   author = {{Bressan}, A. and {Marigo}, P. and {Girardi}, L. and {Salasnich}, B. and 
	{Dal Cero}, C. and {Rubele}, S. and {Nanni}, A.},
    title = "{PARSEC: stellar tracks and isochrones with the PAdova and TRieste Stellar Evolution Code}",
  journal = {\mnras},
archivePrefix = "arXiv",
   eprint = {1208.4498},
 primaryClass = "astro-ph.SR",
 keywords = {stars: evolution, Hertzsprung{\dash}Russell and colour magnitude diagrams, stars: interiors, stars: low-mass},
     year = 2012,
    month = nov,
   volume = 427,
    pages = {127-145},
      doi = {10.1111/j.1365-2966.2012.21948.x},
   adsurl = {http://adsabs.harvard.edu/abs/2012MNRAS.427..127B},
  adsnote = {Provided by the SAO/NASA Astrophysics Data System}
}

@ARTICLE{Calabretta:2002,
   author = {{Calabretta}, M.~R. and {Greisen}, E.~W.},
    title = "{Representations of celestial coordinates in FITS}",
  journal = {\aap},
   eprint = {astro-ph/0207413},
 keywords = {methods: data analysis, techniques: image processing, astronomical data bases: miscellaneous, astrometry},
     year = 2002,
    month = dec,
   volume = 395,
    pages = {1077-1122},
      doi = {10.1051/0004-6361:20021327},
   adsurl = {http://adsabs.harvard.edu/abs/2002A%26A...395.1077C},
  adsnote = {Provided by the SAO/NASA Astrophysics Data System}
}

@ARTICLE{Cardelli:1989,
   author = {{Cardelli}, J.~A. and {Clayton}, G.~C. and {Mathis}, J.~S.},
    title = "{The relationship between infrared, optical, and ultraviolet extinction}",
  journal = {\apj},
 keywords = {Infrared Spectra, Interstellar Extinction, Ultraviolet Spectra, Visible Spectrum, Computational Astrophysics, Interstellar Matter, Iue},
     year = 1989,
    month = oct,
   volume = 345,
    pages = {245-256},
      doi = {10.1086/167900},
   adsurl = {http://adsabs.harvard.edu/abs/1989ApJ...345..245C},
  adsnote = {Provided by the SAO/NASA Astrophysics Data System}
}

@ARTICLE{Conroy:2009,
   author = {{Conroy}, C. and {Gunn}, J.~E. and {White}, M.},
    title = "{The Propagation of Uncertainties in Stellar Population Synthesis Modeling. I. The Relevance of Uncertain Aspects of Stellar Evolution and the Initial Mass Function to the Derived Physical Properties of Galaxies}",
  journal = {\apj},
archivePrefix = "arXiv",
   eprint = {0809.4261},
 keywords = {galaxies: evolution, galaxies: stellar content, stars: evolution},
     year = 2009,
    month = jul,
   volume = 699,
    pages = {486-506},
      doi = {10.1088/0004-637X/699/1/486},
   adsurl = {http://adsabs.harvard.edu/abs/2009ApJ...699..486C},
  adsnote = {Provided by the SAO/NASA Astrophysics Data System}
}

@ARTICLE{Conroy:2010,
   author = {{Conroy}, C. and {Gunn}, J.~E.},
    title = "{The Propagation of Uncertainties in Stellar Population Synthesis Modeling. III. Model Calibration, Comparison, and Evaluation}",
  journal = {\apj},
archivePrefix = "arXiv",
   eprint = {0911.3151},
 primaryClass = "astro-ph.CO",
 keywords = {galaxies: evolution, galaxies: stellar content, stars: evolution},
     year = 2010,
    month = apr,
   volume = 712,
    pages = {833-857},
      doi = {10.1088/0004-637X/712/2/833},
   adsurl = {http://adsabs.harvard.edu/abs/2010ApJ...712..833C},
  adsnote = {Provided by the SAO/NASA Astrophysics Data System}
}

@ARTICLE{Dalcanton:2012,
   author = {{Dalcanton}, J.~J. and {Williams}, B.~F. and {Lang}, D. and 
	{Lauer}, T.~R. and {Kalirai}, J.~S. and {Seth}, A.~C. and {Dolphin}, A. and 
	{Rosenfield}, P. and {Weisz}, D.~R. and {Bell}, E.~F. and {Bianchi}, L.~C. and 
	{Boyer}, M.~L. and {Caldwell}, N. and {Dong}, H. and {Dorman}, C.~E. and 
	{Gilbert}, K.~M. and {Girardi}, L. and {Gogarten}, S.~M. and 
	{Gordon}, K.~D. and {Guhathakurta}, P. and {Hodge}, P.~W. and 
	{Holtzman}, J.~A. and {Johnson}, L.~C. and {Larsen}, S.~S. and 
	{Lewis}, A. and {Melbourne}, J.~L. and {Olsen}, K.~A.~G. and 
	{Rix}, H.-W. and {Rosema}, K. and {Saha}, A. and {Sarajedini}, A. and 
	{Skillman}, E.~D. and {Stanek}, K.~Z.},
    title = "{The Panchromatic Hubble Andromeda Treasury}",
  journal = {\apjs},
archivePrefix = "arXiv",
   eprint = {1204.0010},
 primaryClass = "astro-ph.CO",
 keywords = {galaxies: individual: M31, galaxies: stellar content, stars: general, stars: imaging },
     year = 2012,
    month = jun,
   volume = 200,
      eid = {18},
    pages = {18},
      doi = {10.1088/0067-0049/200/2/18},
   adsurl = {http://adsabs.harvard.edu/abs/2012ApJS..200...18D},
  adsnote = {Provided by the SAO/NASA Astrophysics Data System}
}

@UNPUBLISHED{Dalcanton:2014,
    author = {{Dalcanton}, J.~J. and {Fouesneau}, M. and {Hogg}, D.~W. and 
	{Lang}, D. and {Leroy}, A. and {Gordon}, K.~D. and {Sandstrom}, K. and 
	{Weisz}, D.~R. and {Williams}, B.~F. and {Bell}, E.~F. and {Dong}, H. and 
	{Gilbert}, K.~M. and {Girardi}, L. and {Gouliermis}, D.~A. and 
	{Lauer}, T. and {Seth}, A. and {Schruba}, A. and {Skillman}, E.~D.},
    title = "{The Panchromatic Hubble Andromeda Treasury VIII: A Wide-Area, High-Resolution Map of Dust Extinction in M31}",
    year = 2014,
    note = {submitted}
}

@ARTICLE{Dolphin:2000,
   author = {{Dolphin}, A.~E.},
    title = "{WFPC2 Stellar Photometry with HSTPHOT}",
  journal = {\pasp},
   eprint = {astro-ph/0006217},
 keywords = {Techniques: Photometric},
     year = 2000,
    month = oct,
   volume = 112,
    pages = {1383-1396},
      doi = {10.1086/316630},
   adsurl = {http://adsabs.harvard.edu/abs/2000PASP..112.1383D},
  adsnote = {Provided by the SAO/NASA Astrophysics Data System}
}

@ARTICLE{Dolphin:2002,
   author = {{Dolphin}, A.~E.},
    title = "{Numerical methods of star formation history measurement and applications to seven dwarf spheroidals}",
  journal = {\mnras},
   eprint = {astro-ph/0112331},
 keywords = {methods: numerical, methods: statistical, Local Group, galaxies: stellar content},
     year = 2002,
    month = may,
   volume = 332,
    pages = {91-108},
      doi = {10.1046/j.1365-8711.2002.05271.x},
   adsurl = {http://adsabs.harvard.edu/abs/2002MNRAS.332...91D},
  adsnote = {Provided by the SAO/NASA Astrophysics Data System}
}

@ARTICLE{Dolphin:2013,
   author = {{Dolphin}, A.~E.},
    title = "{On the Estimation of Random Uncertainties of Star Formation Histories}",
  journal = {\apj},
archivePrefix = "arXiv",
   eprint = {1308.1740},
 primaryClass = "astro-ph.IM",
 keywords = {galaxies: stellar content, methods: data analysis },
     year = 2013,
    month = sep,
   volume = 775,
      eid = {76},
    pages = {76},
      doi = {10.1088/0004-637X/775/1/76},
   adsurl = {http://adsabs.harvard.edu/abs/2013ApJ...775...76D},
  adsnote = {Provided by the SAO/NASA Astrophysics Data System}
}

@ARTICLE{Draine:2007,
   author = {{Draine}, B.~T. and {Li}, A.},
    title = "{Infrared Emission from Interstellar Dust. IV. The Silicate-Graphite-PAH Model in the Post-Spitzer Era}",
  journal = {\apj},
   eprint = {astro-ph/0608003},
 keywords = {ISM: Dust, Extinction, Infrared: Galaxies, Infrared: ISM, Radiation Mechanisms: Thermal},
     year = 2007,
    month = mar,
   volume = 657,
    pages = {810-837},
      doi = {10.1086/511055},
   adsurl = {http://adsabs.harvard.edu/abs/2007ApJ...657..810D},
  adsnote = {Provided by the SAO/NASA Astrophysics Data System}
}

@ARTICLE{Efremova:2011,
   author = {{Efremova}, B.~V. and {Bianchi}, L. and {Thilker}, D.~A. and 
	{Neill}, J.~D. and {Burgarella}, D. and {Wyder}, T.~K. and {Madore}, B.~F. and 
	{Rey}, S.-C. and {Barlow}, T.~A. and {Conrow}, T. and {Forster}, K. and 
	{Friedman}, P.~G. and {Martin}, D.~C. and {Morrissey}, P. and 
	{Neff}, S.~G. and {Schiminovich}, D. and {Seibert}, M. and {Small}, T.
	},
    title = "{The Recent Star Formation in NGC 6822: An Ultraviolet Study}",
  journal = {\apj},
archivePrefix = "arXiv",
   eprint = {1101.6051},
 primaryClass = "astro-ph.GA",
 keywords = {galaxies: individual: NGC 6822, galaxies: stellar content, Local Group, stars: formation, ultraviolet: stars},
     year = 2011,
    month = apr,
   volume = 730,
      eid = {88},
    pages = {88},
      doi = {10.1088/0004-637X/730/2/88},
   adsurl = {http://adsabs.harvard.edu/abs/2011ApJ...730...88E},
  adsnote = {Provided by the SAO/NASA Astrophysics Data System}
}

@ARTICLE{Elmegreen:1999,
   author = {{Elmegreen}, B.~G.},
    title = "{The Stellar Initial Mass Function from Random Sampling in Hierarchical Clouds. II. Statistical Fluctuations and a Mass Dependence for Starbirth Positions and Times}",
  journal = {\apj},
   eprint = {astro-ph/9811287},
 keywords = {ISM: STRUCTURE, STARS: FORMATION, STARS: LUMINOSITY FUNCTION, MASS FUNCTION, ISM: Structure, Stars: Formation, Stars: Luminosity Function, Mass Function},
     year = 1999,
    month = apr,
   volume = 515,
    pages = {323-336},
      doi = {10.1086/307011},
   adsurl = {http://adsabs.harvard.edu/abs/1999ApJ...515..323E},
  adsnote = {Provided by the SAO/NASA Astrophysics Data System}
}

@ARTICLE{Fitzpatrick:2007,
   author = {{Fitzpatrick}, E.~L. and {Massa}, D.},
    title = "{An Analysis of the Shapes of Interstellar Extinction Curves. V. The IR-through-UV Curve Morphology}",
  journal = {\apj},
archivePrefix = "arXiv",
   eprint = {0705.0154},
 keywords = {ISM: Dust, Extinction, Methods: Data Analysis},
     year = 2007,
    month = jul,
   volume = 663,
    pages = {320-341},
      doi = {10.1086/518158},
   adsurl = {http://adsabs.harvard.edu/abs/2007ApJ...663..320F},
  adsnote = {Provided by the SAO/NASA Astrophysics Data System}
}

@ARTICLE{Fumagalli:2011,
   author = {{Fumagalli}, M. and {da Silva}, R.~L. and {Krumholz}, M.~R.},
    title = "{Stochastic Star Formation and a (Nearly) Uniform Stellar Initial Mass Function}",
  journal = {\apjl},
archivePrefix = "arXiv",
   eprint = {1105.6101},
 primaryClass = "astro-ph.CO",
 keywords = {galaxies: dwarf, galaxies: star formation, galaxies: statistics, galaxies: stellar content, stars: statistics, ultraviolet: galaxies},
     year = 2011,
    month = nov,
   volume = 741,
      eid = {L26},
    pages = {L26},
      doi = {10.1088/2041-8205/741/2/L26},
   adsurl = {http://adsabs.harvard.edu/abs/2011ApJ...741L..26F},
  adsnote = {Provided by the SAO/NASA Astrophysics Data System}
}

@ARTICLE{Girardi:2005,
   author = {{Girardi}, L. and {Groenewegen}, M.~A.~T. and {Hatziminaoglou}, E. and 
	{da Costa}, L.},
    title = "{Star counts in the Galaxy. Simulating from very deep to very shallow photometric surveys with the TRILEGAL code}",
  journal = {\aap},
   eprint = {astro-ph/0504047},
 keywords = {stars: luminosity function, mass function, stars: Hertzsprung-Russell (HR) and C-M diagrams, surveys, Galaxy: stellar content, Galaxy: structure},
     year = 2005,
    month = jun,
   volume = 436,
    pages = {895-915},
      doi = {10.1051/0004-6361:20042352},
   adsurl = {http://adsabs.harvard.edu/abs/2005A%26A...436..895G},
  adsnote = {Provided by the SAO/NASA Astrophysics Data System}
}

@ARTICLE{Girardi:2010,
   author = {{Girardi}, L. and {Williams}, B.~F. and {Gilbert}, K.~M. and 
	{Rosenfield}, P. and {Dalcanton}, J.~J. and {Marigo}, P. and 
	{Boyer}, M.~L. and {Dolphin}, A. and {Weisz}, D.~R. and {Melbourne}, J. and 
	{Olsen}, K.~A.~G. and {Seth}, A.~C. and {Skillman}, E.},
    title = "{The ACS Nearby Galaxy Survey Treasury. IX. Constraining Asymptotic Giant Branch Evolution with Old Metal-poor Galaxies}",
  journal = {\apj},
archivePrefix = "arXiv",
   eprint = {1009.4618},
 primaryClass = "astro-ph.SR",
 keywords = {stars: general},
     year = 2010,
    month = dec,
   volume = 724,
    pages = {1030-1043},
      doi = {10.1088/0004-637X/724/2/1030},
   adsurl = {http://adsabs.harvard.edu/abs/2010ApJ...724.1030G},
  adsnote = {Provided by the SAO/NASA Astrophysics Data System}
}


@ARTICLE{Gogarten:2009,
   author = {{Gogarten}, S.~M. and {Dalcanton}, J.~J. and {Williams}, B.~F. and 
	{Seth}, A.~C. and {Dolphin}, A. and {Weisz}, D. and {Skillman}, E. and 
	{Holtzman}, J. and {Cole}, A. and {Girardi}, L. and {de Jong}, R.~S. and 
	{Karachentsev}, I.~D. and {Olsen}, K. and {Rosema}, K.},
    title = "{The ACS Nearby Galaxy Survey Treasury. II. Young Stars and their Relation to H{$\alpha$} and UV Emission Timescales in the M81 Outer Disk}",
  journal = {\apj},
archivePrefix = "arXiv",
   eprint = {0810.0266},
 keywords = {galaxies: evolution, galaxies: individual: M81, galaxies: spiral, galaxies: stellar content, H II regions},
     year = 2009,
    month = jan,
   volume = 691,
    pages = {115-130},
      doi = {10.1088/0004-637X/691/1/115},
   adsurl = {http://adsabs.harvard.edu/abs/2009ApJ...691..115G},
  adsnote = {Provided by the SAO/NASA Astrophysics Data System}
}

@ARTICLE{Gordon:2006,
   author = {{Gordon}, K.~D. and {Bailin}, J. and {Engelbracht}, C.~W. and 
	{Rieke}, G.~H. and {Misselt}, K.~A. and {Latter}, W.~B. and 
	{Young}, E.~T. and {Ashby}, M.~L.~N. and {Barmby}, P. and {Gibson}, B.~K. and 
	{Hines}, D.~C. and {Hinz}, J. and {Krause}, O. and {Levine}, D.~A. and 
	{Marleau}, F.~R. and {Noriega-Crespo}, A. and {Stolovy}, S. and 
	{Thilker}, D.~A. and {Werner}, M.~W.},
    title = "{Spitzer MIPS Infrared Imaging of M31: Further Evidence for a Spiral-Ring Composite Structure}",
  journal = {\apjl},
   eprint = {astro-ph/0601314},
 keywords = {Galaxies: Individual: Messier Number: M31, Galaxies: Individual: Messier Number: M32, Galaxies: Individual: NGC Number: NGC 205, Galaxies: ISM, Galaxies: Spiral},
     year = 2006,
    month = feb,
   volume = 638,
    pages = {L87-L92},
      doi = {10.1086/501046},
   adsurl = {http://adsabs.harvard.edu/abs/2006ApJ...638L..87G},
  adsnote = {Provided by the SAO/NASA Astrophysics Data System}
}

@ARTICLE{Hao:2011,
   author = {{Hao}, C.-N. and {Kennicutt}, R.~C. and {Johnson}, B.~D. and 
	{Calzetti}, D. and {Dale}, D.~A. and {Moustakas}, J.},
    title = "{Dust-corrected Star Formation Rates of Galaxies. II. Combinations of Ultraviolet and Infrared Tracers}",
  journal = {\apj},
archivePrefix = "arXiv",
   eprint = {1108.2837},
 primaryClass = "astro-ph.CO",
 keywords = {dust, extinction, galaxies: ISM, infrared: galaxies, ultraviolet: galaxies},
     year = 2011,
    month = nov,
   volume = 741,
      eid = {124},
    pages = {124},
      doi = {10.1088/0004-637X/741/2/124},
   adsurl = {http://adsabs.harvard.edu/abs/2011ApJ...741..124H},
  adsnote = {Provided by the SAO/NASA Astrophysics Data System}
}

@ARTICLE{Hill:2008,
   author = {{Hill}, A.~S. and {Benjamin}, R.~A. and {Kowal}, G. and {Reynolds}, R.~J. and 
	{Haffner}, L.~M. and {Lazarian}, A.},
    title = "{The Turbulent Warm Ionized Medium: Emission Measure Distribution and MHD Simulations}",
  journal = {\apj},
archivePrefix = "arXiv",
   eprint = {0805.0155},
 keywords = {ISM: Structure, Magnetohydrodynamics: MHD, Turbulence},
     year = 2008,
    month = oct,
   volume = 686,
    pages = {363-378},
      doi = {10.1086/590543},
   adsurl = {http://adsabs.harvard.edu/abs/2008ApJ...686..363H},
  adsnote = {Provided by the SAO/NASA Astrophysics Data System}
}

@ARTICLE{Hunter:2007,
   author = {{Hunter}, J.~D.},
    title = "{Matplotlib: A 2D Graphics Environment}",
  journal = {Computing in Science and Engineering},
 keywords = {Python, Scripting languages, Application development, Scientific programming  },
     year = 2007,
    month = may,
   volume = 9,
    pages = {90-95},
      doi = {10.1109/MCSE.2007.55},
   adsurl = {http://adsabs.harvard.edu/abs/2007CSE.....9...90H},
  adsnote = {Provided by the SAO/NASA Astrophysics Data System}
}

@ARTICLE{Johnson:2013,
   author = {{Johnson}, B.~D. and {Weisz}, D.~R. and {Dalcanton}, J.~J. and 
	{Johnson}, L.~C. and {Dale}, D.~A. and {Dolphin}, A.~E. and 
	{Gil de Paz}, A. and {Kennicutt}, Jr., R.~C. and {Lee}, J.~C. and 
	{Skillman}, E.~D. and {Boquien}, M. and {Williams}, B.~F.},
    title = "{Measuring Galaxy Star Formation Rates from Integrated Photometry: Insights from Color-Magnitude Diagrams of Resolved Stars}",
  journal = {\apj},
archivePrefix = "arXiv",
   eprint = {1305.7243},
 primaryClass = "astro-ph.CO",
 keywords = {galaxies: dwarf, galaxies: fundamental parameters, galaxies: photometry, galaxies: star formation, galaxies: stellar content },
     year = 2013,
    month = jul,
   volume = 772,
      eid = {8},
    pages = {8},
      doi = {10.1088/0004-637X/772/1/8},
   adsurl = {http://adsabs.harvard.edu/abs/2013ApJ...772....8J},
  adsnote = {Provided by the SAO/NASA Astrophysics Data System}
}

@ARTICLE{Kang:2009,
   author = {{Kang}, Y. and {Bianchi}, L. and {Rey}, S.-C.},
    title = "{An Ultraviolet Study of Star-Forming Regions in M31}",
  journal = {\apj},
archivePrefix = "arXiv",
   eprint = {0906.4839},
 primaryClass = "astro-ph.CO",
 keywords = {galaxies: evolution, galaxies: individual: M31, galaxies: star clusters, galaxies: structure, stars: early-type, ultraviolet: galaxies, ultraviolet: stars},
     year = 2009,
    month = sep,
   volume = 703,
    pages = {614-627},
      doi = {10.1088/0004-637X/703/1/614},
   adsurl = {http://adsabs.harvard.edu/abs/2009ApJ...703..614K},
  adsnote = {Provided by the SAO/NASA Astrophysics Data System}
}

@ARTICLE{Kennicutt:1998,
   author = {{Kennicutt}, Jr., R.~C.},
    title = "{Star Formation in Galaxies Along the Hubble Sequence}",
  journal = {\araa},
   eprint = {astro-ph/9807187},
     year = 1998,
   volume = 36,
    pages = {189-232},
      doi = {10.1146/annurev.astro.36.1.189},
   adsurl = {http://adsabs.harvard.edu/abs/1998ARA%26A..36..189K},
  adsnote = {Provided by the SAO/NASA Astrophysics Data System}
}

@ARTICLE{Kennicutt:2012,
   author = {{Kennicutt}, R.~C. and {Evans}, N.~J.},
    title = "{Star Formation in the Milky Way and Nearby Galaxies}",
  journal = {\araa},
archivePrefix = "arXiv",
   eprint = {1204.3552},
 primaryClass = "astro-ph.GA",
     year = 2012,
    month = sep,
   volume = 50,
    pages = {531-608},
      doi = {10.1146/annurev-astro-081811-125610},
   adsurl = {http://adsabs.harvard.edu/abs/2012ARA%26A..50..531K},
  adsnote = {Provided by the SAO/NASA Astrophysics Data System}
}

@ARTICLE{Kroupa:2001,
   author = {{Kroupa}, P.},
    title = "{On the variation of the initial mass function}",
  journal = {\mnras},
   eprint = {astro-ph/0009005},
 keywords = {BINARIES: GENERAL, STARS: FORMATION, STARS: KINEMATICS, STARS: LUMINOSITY FUNCTION, MASS FUNCTION, GLOBULAR CLUSTERS: GENERAL, OPEN CLUSTERS AND ASSOCIATIONS: GENERAL},
     year = 2001,
    month = apr,
   volume = 322,
    pages = {231-246},
      doi = {10.1046/j.1365-8711.2001.04022.x},
   adsurl = {http://adsabs.harvard.edu/abs/2001MNRAS.322..231K},
  adsnote = {Provided by the SAO/NASA Astrophysics Data System}
}

@ARTICLE{Leitherer:1999,
   author = {{Leitherer}, C. and {Schaerer}, D. and {Goldader}, J.~D. and 
	{Delgado}, R.~M.~G. and {Robert}, C. and {Kune}, D.~F. and {de Mello}, D.~F. and 
	{Devost}, D. and {Heckman}, T.~M.},
    title = "{Starburst99: Synthesis Models for Galaxies with Active Star Formation}",
  journal = {\apjs},
   eprint = {astro-ph/9902334},
 keywords = {GALAXIES: EVOLUTION, GALAXIES: FUNDAMENTAL PARAMETERS, GALAXIES: STARBURST, GALAXIES: STELLAR CONTENT, METHODS: NUMERICAL, Galaxies: Evolution, Galaxies: Fundamental Parameters, Galaxies: Starburst, Galaxies: Stellar Content, Methods: Numerical},
     year = 1999,
    month = jul,
   volume = 123,
    pages = {3-40},
      doi = {10.1086/313233},
   adsurl = {http://adsabs.harvard.edu/abs/1999ApJS..123....3L},
  adsnote = {Provided by the SAO/NASA Astrophysics Data System}
}

@ARTICLE{Leroy:2012,
   author = {{Leroy}, A.~K. and {Bigiel}, F. and {de Blok}, W.~J.~G. and 
	{Boissier}, S. and {Bolatto}, A. and {Brinks}, E. and {Madore}, B. and 
	{Munoz-Mateos}, J.-C. and {Murphy}, E. and {Sandstrom}, K. and 
	{Schruba}, A. and {Walter}, F.},
    title = "{Estimating the Star Formation Rate at 1 kpc Scales in nearby Galaxies}",
  journal = {\aj},
archivePrefix = "arXiv",
   eprint = {1202.2873},
 primaryClass = "astro-ph.CO",
 keywords = {galaxies: ISM, galaxies: spiral, infrared: galaxies, stars: formation},
     year = 2012,
    month = jul,
   volume = 144,
      eid = {3},
    pages = {3},
      doi = {10.1088/0004-6256/144/1/3},
   adsurl = {http://adsabs.harvard.edu/abs/2012AJ....144....3L},
  adsnote = {Provided by the SAO/NASA Astrophysics Data System}
}

@UNPUBLISHED{Lewis:2014,
    author = {{Lewis}, A.~R. and {Dalcanton}, J.~J. and {Dolphin}, A.~E. and 
	{Weisz}, D.~R. and {Williams}, B.~F.},
    title = "{The Panchromatic Hubble Andromeda Treasury XI: The Spatially-Resolved Recent Star Formation History of M31}",
    year = 2014,
    note = {preprint}
}

@ARTICLE{Marigo:2008,
   author = {{Marigo}, P. and {Girardi}, L. and {Bressan}, A. and {Groenewegen}, M.~A.~T. and 
	{Silva}, L. and {Granato}, G.~L.},
    title = "{Evolution of asymptotic giant branch stars. II. Optical to far-infrared isochrones with improved TP-AGB models}",
  journal = {\aap},
archivePrefix = "arXiv",
   eprint = {0711.4922},
 keywords = {astronomical data bases: miscellaneous, stars: AGB and post-AGB, stars: carbon, stars: evolution, galaxies: Magellanic Clouds, stars: Hertzsprung-Russell (HR) and C-M diagrams},
     year = 2008,
    month = may,
   volume = 482,
    pages = {883-905},
      doi = {10.1051/0004-6361:20078467},
   adsurl = {http://adsabs.harvard.edu/abs/2008A%26A...482..883M},
  adsnote = {Provided by the SAO/NASA Astrophysics Data System}
}

@ARTICLE{Martin:2005,
   author = {{Martin}, D.~C. and {Fanson}, J. and {Schiminovich}, D. and 
	{Morrissey}, P. and {Friedman}, P.~G. and {Barlow}, T.~A. and 
	{Conrow}, T. and {Grange}, R. and {Jelinsky}, P.~N. and {Milliard}, B. and 
	{Siegmund}, O.~H.~W. and {Bianchi}, L. and {Byun}, Y.-I. and 
	{Donas}, J. and {Forster}, K. and {Heckman}, T.~M. and {Lee}, Y.-W. and 
	{Madore}, B.~F. and {Malina}, R.~F. and {Neff}, S.~G. and {Rich}, R.~M. and 
	{Small}, T. and {Surber}, F. and {Szalay}, A.~S. and {Welsh}, B. and 
	{Wyder}, T.~K.},
    title = "{The Galaxy Evolution Explorer: A Space Ultraviolet Survey Mission}",
  journal = {\apjl},
   eprint = {astro-ph/0411302},
 keywords = {Galaxies: Evolution, Galaxies: General, Space Vehicles: Instruments, Surveys, Ultraviolet: Galaxies, Ultraviolet: General},
     year = 2005,
    month = jan,
   volume = 619,
    pages = {L1-L6},
      doi = {10.1086/426387},
   adsurl = {http://adsabs.harvard.edu/abs/2005ApJ...619L...1M},
  adsnote = {Provided by the SAO/NASA Astrophysics Data System}
}

@ARTICLE{Massey:2006,
   author = {{Massey}, P. and {Olsen}, K.~A.~G. and {Hodge}, P.~W. and {Strong}, S.~B. and 
	{Jacoby}, G.~H. and {Schlingman}, W. and {Smith}, R.~C.},
    title = "{A Survey of Local Group Galaxies Currently Forming Stars. I. UBVRI Photometry of Stars in M31 and M33}",
  journal = {\aj},
   eprint = {astro-ph/0602128},
 keywords = {Catalogs, Galaxies: Individual: Messier Number: M31, Galaxies: Individual: Messier Number: M33, Galaxies: Stellar Content, Stars: Early-Type, Stars: Supergiants, Surveys},
     year = 2006,
    month = may,
   volume = 131,
    pages = {2478-2496},
      doi = {10.1086/503256},
   adsurl = {http://adsabs.harvard.edu/abs/2006AJ....131.2478M},
  adsnote = {Provided by the SAO/NASA Astrophysics Data System}
}

@ARTICLE{McConnachie:2005,
   author = {{McConnachie}, A.~W. and {Irwin}, M.~J. and {Ferguson}, A.~M.~N. and 
	{Ibata}, R.~A. and {Lewis}, G.~F. and {Tanvir}, N.},
    title = "{Distances and metallicities for 17 Local Group galaxies}",
  journal = {\mnras},
   eprint = {astro-ph/0410489},
 keywords = {galaxies: general, Local Group, galaxies: stellar content},
     year = 2005,
    month = jan,
   volume = 356,
    pages = {979-997},
      doi = {10.1111/j.1365-2966.2004.08514.x},
   adsurl = {http://adsabs.harvard.edu/abs/2005MNRAS.356..979M},
  adsnote = {Provided by the SAO/NASA Astrophysics Data System}
}

@UNPUBLISHED{McQuinn:2014,
    author = {{McQuinn}, K.~B.~W. and {Skillman}, E.~D. and {Mitchell}, N.~P. and 
	{Dolphin}, A.~E.},
    title = "{Calibrating UV Star Formation Rates for Dwarf Galaxies from STARBIRDS}",
    year = 2014,
    note = {preprint}
}

@ARTICLE{Morrissey:2007,
   author = {{Morrissey}, P. and {Conrow}, T. and {Barlow}, T.~A. and {Small}, T. and 
	{Seibert}, M. and {Wyder}, T.~K. and {Budav{\'a}ri}, T. and 
	{Arnouts}, S. and {Friedman}, P.~G. and {Forster}, K. and {Martin}, D.~C. and 
	{Neff}, S.~G. and {Schiminovich}, D. and {Bianchi}, L. and {Donas}, J. and 
	{Heckman}, T.~M. and {Lee}, Y.-W. and {Madore}, B.~F. and {Milliard}, B. and 
	{Rich}, R.~M. and {Szalay}, A.~S. and {Welsh}, B.~Y. and {Yi}, S.~K.
	},
    title = "{The Calibration and Data Products of GALEX}",
  journal = {\apjs},
 keywords = {Space Vehicles, Surveys, Telescopes, Ultraviolet: General},
     year = 2007,
    month = dec,
   volume = 173,
    pages = {682-697},
      doi = {10.1086/520512},
   adsurl = {http://adsabs.harvard.edu/abs/2007ApJS..173..682M},
  adsnote = {Provided by the SAO/NASA Astrophysics Data System}
}

@ARTICLE{Murphy:2011,
   author = {{Murphy}, E.~J. and {Condon}, J.~J. and {Schinnerer}, E. and 
	{Kennicutt}, R.~C. and {Calzetti}, D. and {Armus}, L. and {Helou}, G. and 
	{Turner}, J.~L. and {Aniano}, G. and {Beir{\~a}o}, P. and {Bolatto}, A.~D. and 
	{Brandl}, B.~R. and {Croxall}, K.~V. and {Dale}, D.~A. and {Donovan Meyer}, J.~L. and 
	{Draine}, B.~T. and {Engelbracht}, C. and {Hunt}, L.~K. and 
	{Hao}, C.-N. and {Koda}, J. and {Roussel}, H. and {Skibba}, R. and 
	{Smith}, J.-D.~T.},
    title = "{Calibrating Extinction-free Star Formation Rate Diagnostics with 33 GHz Free-free Emission in NGC 6946}",
  journal = {\apj},
archivePrefix = "arXiv",
   eprint = {1105.4877},
 primaryClass = "astro-ph.CO",
 keywords = {cosmic rays, galaxies: individual: NGC 6946, H II regions, infrared: general, radio continuum: general, stars: formation},
     year = 2011,
    month = aug,
   volume = 737,
      eid = {67},
    pages = {67},
      doi = {10.1088/0004-637X/737/2/67},
   adsurl = {http://adsabs.harvard.edu/abs/2011ApJ...737...67M},
  adsnote = {Provided by the SAO/NASA Astrophysics Data System}
}

@article{Oliphant:2007,
author = {Travis E. Oliphant},
title = {Python for Scientific Computing},
journal ={Computing in Science and Engineering},
volume = {9},
number = {3},
issn = {1521-9615},
year = {2007},
pages = {10-20},
doi = {http://doi.ieeecomputersociety.org/10.1109/MCSE.2007.58},
publisher = {IEEE Computer Society},
address = {Los Alamitos, CA, USA},
}

@article{Perez:2007,
author = {Fernando P\'erez and Brian E. Granger},
title = {IPython: A System for Interactive Scientific Computing},
journal ={Computing in Science and Engineering},
volume = {9},
number = {3},
issn = {1521-9615},
year = {2007},
pages = {21-29},
doi = {http://doi.ieeecomputersociety.org/10.1109/MCSE.2007.53},
publisher = {IEEE Computer Society},
address = {Los Alamitos, CA, USA},
}

@ARTICLE{Salim:2007,
   author = {{Salim}, S. and {Rich}, R.~M. and {Charlot}, S. and {Brinchmann}, J. and 
	{Johnson}, B.~D. and {Schiminovich}, D. and {Seibert}, M. and 
	{Mallery}, R. and {Heckman}, T.~M. and {Forster}, K. and {Friedman}, P.~G. and 
	{Martin}, D.~C. and {Morrissey}, P. and {Neff}, S.~G. and {Small}, T. and 
	{Wyder}, T.~K. and {Bianchi}, L. and {Donas}, J. and {Lee}, Y.-W. and 
	{Madore}, B.~F. and {Milliard}, B. and {Szalay}, A.~S. and {Welsh}, B.~Y. and 
	{Yi}, S.~K.},
    title = "{UV Star Formation Rates in the Local Universe}",
  journal = {\apjs},
archivePrefix = "arXiv",
   eprint = {0704.3611},
 keywords = {Galaxies: Active, Galaxies: Evolution, Galaxies: Fundamental Parameters, Surveys, Ultraviolet: Galaxies},
     year = 2007,
    month = dec,
   volume = 173,
    pages = {267-292},
      doi = {10.1086/519218},
   adsurl = {http://adsabs.harvard.edu/abs/2007ApJS..173..267S},
  adsnote = {Provided by the SAO/NASA Astrophysics Data System}
}

@ARTICLE{Shetty:2011,
   author = {{Shetty}, R. and {Glover}, S.~C. and {Dullemond}, C.~P. and 
	{Klessen}, R.~S.},
    title = "{Modelling CO emission - I. CO as a column density tracer and the X factor in molecular clouds}",
  journal = {\mnras},
archivePrefix = "arXiv",
   eprint = {1011.2019},
 primaryClass = "astro-ph.GA",
 keywords = {methods: numerical, stars: formation, ISM: clouds, ISM: molecules, ISM: structure},
     year = 2011,
    month = apr,
   volume = 412,
    pages = {1686-1700},
      doi = {10.1111/j.1365-2966.2010.18005.x},
   adsurl = {http://adsabs.harvard.edu/abs/2011MNRAS.412.1686S},
  adsnote = {Provided by the SAO/NASA Astrophysics Data System}
}

@ARTICLE{daSilva:2012,
   author = {{da Silva}, R.~L. and {Fumagalli}, M. and {Krumholz}, M.},
    title = "{SLUG{\mdash}Stochastically Lighting Up Galaxies. I. Methods and Validating Tests}",
  journal = {\apj},
archivePrefix = "arXiv",
   eprint = {1106.3072},
 primaryClass = "astro-ph.IM",
 keywords = {galaxies: star clusters: general, galaxies: stellar content, methods: numerical, methods: statistical, stars: formation, techniques: photometric},
     year = 2012,
    month = feb,
   volume = 745,
      eid = {145},
    pages = {145},
      doi = {10.1088/0004-637X/745/2/145},
   adsurl = {http://adsabs.harvard.edu/abs/2012ApJ...745..145D},
  adsnote = {Provided by the SAO/NASA Astrophysics Data System}
}

@ARTICLE{daSilva:2014,
   author = {{da Silva}, R.~L. and {Fumagalli}, M. and {Krumholz}, M.~R.},
    title = "{SLUG - Stochastically Lighting Up Galaxies - II. Quantifying the effects of stochasticity on star formation rate indicators}",
  journal = {\mnras},
archivePrefix = "arXiv",
   eprint = {1403.4605},
 keywords = {methods: numerical, methods: statistical, techniques: photometric, stars: formation, galaxies: star clusters: general, galaxies: stellar content},
     year = 2014,
    month = nov,
   volume = 444,
    pages = {3275-3287},
      doi = {10.1093/mnras/stu1688},
   adsurl = {http://adsabs.harvard.edu/abs/2014MNRAS.444.3275D},
  adsnote = {Provided by the SAO/NASA Astrophysics Data System}
}

@ARTICLE{Simones:2014,
   author = {{Simones}, J.~E. and {Weisz}, D.~R. and {Skillman}, E.~D. and 
	{Bell}, E.~F. and {Bianchi}, L. and {Dalcanton}, J.~J. and {Dolphin}, A.~E. and 
	{Johnson}, B.~D. and {Williams}, B.~F.},
    title = "{The Panchromatic Hubble Andromeda Treasury. VI. The Reliability of Far-ultraviolet Flux as a Star Formation Tracer on Subkiloparsec Scales}",
  journal = {\apj},
archivePrefix = "arXiv",
   eprint = {1404.4981},
 keywords = {galaxies: evolution, galaxies: individual: M31, galaxies: photometry, galaxies: star formation, galaxies: stellar content },
     year = 2014,
    month = jun,
   volume = 788,
      eid = {12},
    pages = {12},
      doi = {10.1088/0004-637X/788/1/12},
   adsurl = {http://adsabs.harvard.edu/abs/2014ApJ...788...12S},
  adsnote = {Provided by the SAO/NASA Astrophysics Data System}
}

@ARTICLE{Tully:1994,
   author = {{Tully}, R.~B.},
    title = "{Nearby Galaxies Catalogue (NBG) (Tully 1988)}",
  journal = {VizieR Online Data Catalog},
 keywords = {Galaxy catalogs},
     year = 1994,
    month = jul,
   volume = 7145,
    pages = {0},
   adsurl = {http://adsabs.harvard.edu/abs/1994yCat.7145....0T},
  adsnote = {Provided by the SAO/NASA Astrophysics Data System}
}

@ARTICLE{deVaucouleurs:1995,
   author = {{de Vaucouleurs}, G. and {de Vaucouleurs}, A. and {Corwin}, H.~G. and 
	{Buta}, R.~J. and {Paturel}, G. and {Fouque}, P.},
    title = "{Third Reference Cat. of Bright Galaxies (RC3) (de Vaucouleurs+ 1991)}",
  journal = {VizieR Online Data Catalog},
 keywords = {Galaxy catalogs},
     year = 1995,
    month = feb,
   volume = 7155,
    pages = {0},
   adsurl = {http://adsabs.harvard.edu/abs/1995yCat.7155....0D},
  adsnote = {Provided by the SAO/NASA Astrophysics Data System}
}

@ARTICLE{Westera:2002,
   author = {{Westera}, P. and {Lejeune}, T. and {Buser}, R. and {Cuisinier}, F. and 
	{Bruzual}, G.},
    title = "{A standard stellar library for evolutionary synthesis. III. Metallicity calibration}",
  journal = {\aap},
   eprint = {astro-ph/0110559},
 keywords = {CATALOGS, STARS: ABUNDANCES, STARS: ATMOSPHERES, STARS: FUNDAMENTAL PARAMETERS},
     year = 2002,
    month = jan,
   volume = 381,
    pages = {524-538},
      doi = {10.1051/0004-6361:20011493},
   adsurl = {http://adsabs.harvard.edu/abs/2002A%26A...381..524W},
  adsnote = {Provided by the SAO/NASA Astrophysics Data System}
}
